@article{Cleveland:1998nv,
      author         = "Cleveland, B. T. and Daily, Timothy and Davis, Jr.,
                        Raymond and Distel, James R. and Lande, Kenneth and Lee,
                        C. K. and Wildenhain, Paul S. and Ullman, Jack",
      title          = "{Measurement of the solar electron neutrino flux with the
                        Homestake chlorine detector}",
      journal        = "Astrophys. J.",
      volume         = "496",
      year           = "1998",
      pages          = "505-526",
      doi            = "10.1086/305343",
      SLACcitation   = "%%CITATION = ASJOA,496,505;%%"
}

@article{Hirata:1988uy,
      author         = "Hirata, K. S. and others",
      title          = "{Experimental Study of the Atmospheric Neutrino Flux}",
      booktitle      = "{Proceedings: Workshop on Elementary Particle Picture of
                        the Universe, 2nd, Tsukuba, Japan, Feb 4-6, 1988}",
      collaboration  = "Kamiokande-II",
      journal        = "Phys. Lett.",
      volume         = "B205",
      year           = "1988",
      pages          = "416",
      doi            = "10.1016/0370-2693(88)91690-5",
      note           = "[,447(1988)]",
      reportNumber   = "UT-ICEPP-88-02, UPR-0149E",
      SLACcitation   = "%%CITATION = PHLTA,B205,416;%%"
}

@article{Pontecorvo:1957cp,
      author         = "Pontecorvo, B.",
      title          = "{Mesonium and anti-mesonium}",
      journal        = "Sov. Phys. JETP",
      volume         = "6",
      year           = "1957",
      pages          = "429",
      note           = "[Zh. Eksp. Teor. Fiz.33,549(1957)]",
      SLACcitation   = "%%CITATION = SPHJA,6,429;%%"
}

@article{Maki:1962mu,
      author         = "Maki, Ziro and Nakagawa, Masami and Sakata, Shoichi",
      title          = "{Remarks on the unified model of elementary particles}",
      journal        = "Prog. Theor. Phys.",
      volume         = "28",
      year           = "1962",
      pages          = "870-880",
      doi            = "10.1143/PTP.28.870",
      note           = "[,34(1962)]",
      SLACcitation   = "%%CITATION = PTPKA,28,870;%%"
}

@article{Fukuda:1998mi,
      author         = "Fukuda, Y. and others",
      title          = "{Evidence for oscillation of atmospheric neutrinos}",
      collaboration  = "Super-Kamiokande",
      journal        = "Phys. Rev. Lett.",
      volume         = "81",
      year           = "1998",
      pages          = "1562-1567",
      doi            = "10.1103/PhysRevLett.81.1562",
      eprint         = "hep-ex/9807003",
      archivePrefix  = "arXiv",
      primaryClass   = "hep-ex",
      reportNumber   = "BU-98-17, ICRR-REPORT-422-98-18, UCI-98-8,
                        KEK-PREPRINT-98-95, LSU-HEPA-5-98, UMD-98-003, SBHEP-98-5,
                        TKU-PAP-98-06, TIT-HPE-98-09",
      SLACcitation   = "%%CITATION = HEP-EX/9807003;%%"
}

@article{Ahmad:2001an,
      author         = "Ahmad, Q. R. and others",
      title          = "{Measurement of the rate of $\nu_e+d \to p+p+e^-$
                        interactions produced by $^8B$ solar neutrinos at the
                        Sudbury Neutrino Observatory}",
      collaboration  = "SNO",
      journal        = "Phys. Rev. Lett.",
      volume         = "87",
      year           = "2001",
      pages          = "071301",
      doi            = "10.1103/PhysRevLett.87.071301",
      eprint         = "nucl-ex/0106015",
      archivePrefix  = "arXiv",
      primaryClass   = "nucl-ex",
      reportNumber   = "UPR-0240E",
      SLACcitation   = "%%CITATION = NUCL-EX/0106015;%%"
}

@article{Patrignani:2016xqp,
      author         = "Patrignani, C. and others",
      title          = "{Review of Particle Physics}",
      collaboration  = "Particle Data Group",
      journal        = "Chin. Phys.",
      volume         = "C40",
      year           = "2016",
      number         = "10",
      pages          = "100001",
      doi            = "10.1088/1674-1137/40/10/100001",
      SLACcitation   = "%%CITATION = CHPHD,C40,100001;%%"
}

@article{Abe:2014tzr,
      author         = "Abe, K. and others",
      title          = "{Neutrino oscillation physics potential of the T2K
                        experiment}",
      collaboration  = "T2K",
      journal        = "PTEP",
      volume         = "2015",
      year           = "2015",
      number         = "4",
      pages          = "043C01",
      doi            = "10.1093/ptep/ptv031",
      eprint         = "1409.7469",
      archivePrefix  = "arXiv",
      primaryClass   = "hep-ex",
      SLACcitation   = "%%CITATION = ARXIV:1409.7469;%%"
}

@article{An:2013uza,
      author         = "An, F. P. and others",
      title          = "{Improved Measurement of Electron Antineutrino
                        Disappearance at Daya Bay}",
      collaboration  = "Daya Bay",
      journal        = "Chin. Phys.",
      volume         = "C37",
      year           = "2013",
      pages          = "011001",
      doi            = "10.1088/1674-1137/37/1/011001",
      eprint         = "1210.6327",
      archivePrefix  = "arXiv",
      primaryClass   = "hep-ex",
      SLACcitation   = "%%CITATION = ARXIV:1210.6327;%%"
}

@article{Ahn:2012nd,
      author         = "Ahn, J. K. and others",
      title          = "{Observation of Reactor Electron Antineutrino
                        Disappearance in the RENO Experiment}",
      collaboration  = "RENO",
      journal        = "Phys. Rev. Lett.",
      volume         = "108",
      year           = "2012",
      pages          = "191802",
      doi            = "10.1103/PhysRevLett.108.191802",
      eprint         = "1204.0626",
      archivePrefix  = "arXiv",
      primaryClass   = "hep-ex",
      SLACcitation   = "%%CITATION = ARXIV:1204.0626;%%"
}

@article{Abe:2012tg,
      author         = "Abe, Y. and others",
      title          = "{Reactor electron antineutrino disappearance in the
                        Double Chooz experiment}",
      collaboration  = "Double Chooz",
      journal        = "Phys. Rev.",
      volume         = "D86",
      year           = "2012",
      pages          = "052008",
      doi            = "10.1103/PhysRevD.86.052008",
      eprint         = "1207.6632",
      archivePrefix  = "arXiv",
      primaryClass   = "hep-ex",
      SLACcitation   = "%%CITATION = ARXIV:1207.6632;%%"
}


@inproceedings{Itow:2001ee,
      author         = "Itow, Y. and others",
      title          = "{The JHF-Kamioka neutrino project}",
      booktitle      = "{Neutrino oscillations and their origin, 2001}",
      collaboration  = "T2K",
      year           = "2001",
      pages          = "239-248",
      eprint         = "hep-ex/0106019",
      archivePrefix  = "arXiv",
      primaryClass   = "hep-ex",
      reportNumber   = "KEK-REPORT-2001-4, ICRR-REPORT-477-2001-7, TRI-PP-01-05",
      SLACcitation   = "%%CITATION = HEP-EX/0106019;%%"
}


@article{Abe:2016tez,
      author         = "Abe, Ko and others",
      title          = "{Sensitivity of the T2K accelerator-based neutrino
                        experiment with an Extended run to $20\times10^{21}$ POT}",
      collaboration  = "T2K",
      year           = "2016",
      eprint         = "1607.08004",
      archivePrefix  = "arXiv",
      primaryClass   = "hep-ex",
      SLACcitation   = "%%CITATION = ARXIV:1607.08004;%%"
}

@article{Ayres:2004js,
      author         = "Ayres, D. S. and others",
      title          = "{NOvA: Proposal to Build a 30 Kiloton Off-Axis Detector
                        to Study $\nu_{\mu} \to \nu_e$ Oscillations in the NuMI
                        Beamline}",
      collaboration  = "NOvA",
      year           = "2004",
      eprint         = "hep-ex/0503053",
      archivePrefix  = "arXiv",
      primaryClass   = "hep-ex",
      reportNumber   = "FERMILAB-PROPOSAL-0929",
      SLACcitation   = "%%CITATION = HEP-EX/0503053;%%"
}

@article{Adamson:2017gxd,
      author         = "Adamson, P. and others",
      title          = "{Constraints on Oscillation Parameters from $\nu_e$
                        Appearance and $\nu_\mu$ Disappearance in NOvA}",
      collaboration  = "NOvA",
      journal        = "Phys. Rev. Lett.",
      volume         = "118",
      year           = "2017",
      number         = "23",
      pages          = "231801",
      doi            = "10.1103/PhysRevLett.118.231801",
      eprint         = "1703.03328",
      archivePrefix  = "arXiv",
      primaryClass   = "hep-ex",
      reportNumber   = "FERMILAB-PUB-17-065-ND",
      SLACcitation   = "%%CITATION = ARXIV:1703.03328;%%"
}

@article{Huber:2002mx,
      author         = "Huber, Patrick and Lindner, Manfred and Winter, Walter",
      title          = "{Superbeams versus neutrino factories}",
      journal        = "Nucl. Phys.",
      volume         = "B645",
      year           = "2002",
      pages          = "3-48",
      doi            = "10.1016/S0550-3213(02)00825-8",
      eprint         = "hep-ph/0204352",
      archivePrefix  = "arXiv",
      primaryClass   = "hep-ph",
      reportNumber   = "TUM-HEP-462-02, MPI-PHT-02-15",
      SLACcitation   = "%%CITATION = HEP-PH/0204352;%%"
}

@article{Cao:2016vwh,
      author         = "Cao, Jun and Luk, Kam-Biu",
      title          = "{An overview of the Daya Bay Reactor Neutrino
                        Experiment}",
      journal        = "Nucl. Phys.",
      volume         = "B908",
      year           = "2016",
      pages          = "62-73",
      doi            = "10.1016/j.nuclphysb.2016.04.034",
      eprint         = "1605.01502",
      archivePrefix  = "arXiv",
      primaryClass   = "hep-ex",
      SLACcitation   = "%%CITATION = ARXIV:1605.01502;%%"
}


@article{An:2015rpe,
      author         = "An, F. P. and others",
      title          = "{New Measurement of Antineutrino Oscillation with the
                        Full Detector Configuration at Daya Bay}",
      collaboration  = "Daya Bay",
      journal        = "Phys. Rev. Lett.",
      volume         = "115",
      year           = "2015",
      number         = "11",
      pages          = "111802",
      doi            = "10.1103/PhysRevLett.115.111802",
      eprint         = "1505.03456",
      archivePrefix  = "arXiv",
      primaryClass   = "hep-ex",
      SLACcitation   = "%%CITATION = ARXIV:1505.03456;%%"
}

@article{Agashe:2014kda,
      author         = "Olive, K. A. and others",
      title          = "{Review of Particle Physics}",
      collaboration  = "Particle Data Group",
      journal        = "Chin. Phys.",
      volume         = "C38",
      year           = "2014",
      pages          = "090001",
      doi            = "10.1088/1674-1137/38/9/090001",
      SLACcitation   = "%%CITATION = CHPHD,C38,090001;%%"
}

@article{Arafune:1997hd,
      author         = "Arafune, Jiro and Koike, Masafumi and Sato, Joe",
      title          = "{CP violation and matter effect in long baseline neutrino
                        oscillation experiments}",
      journal        = "Phys. Rev.",
      volume         = "D56",
      year           = "1997",
      pages          = "3093-3099",
      doi            = "10.1103/PhysRevD.60.119905, 10.1103/PhysRevD.56.3093",
      note           = "[Erratum: Phys. Rev.D60,119905(1999)]",
      eprint         = "hep-ph/9703351",
      archivePrefix  = "arXiv",
      primaryClass   = "hep-ph",
      reportNumber   = "ICRR-385-97-8, ICRR-REPORT-385-97-8",
      SLACcitation   = "%%CITATION = HEP-PH/9703351;%%"
}


@article{Abe:2013hdq,
      author         = "Abe, K. and others",
      title          = "{Observation of Electron Neutrino Appearance in a Muon
                        Neutrino Beam}",
      collaboration  = "T2K",
      journal        = "Phys. Rev. Lett.",
      volume         = "112",
      year           = "2014",
      pages          = "061802",
      doi            = "10.1103/PhysRevLett.112.061802",
      eprint         = "1311.4750",
      archivePrefix  = "arXiv",
      primaryClass   = "hep-ex",
      SLACcitation   = "%%CITATION = ARXIV:1311.4750;%%"
}

@inproceedings{Cao:2018vdk,
      author         = "Cao, S. V.",
      title          = "{Latest results from T2K}",
       booktitle      = "{Moriond EW 2018, La Thuile, Italy,
                        March  2018}",
      collaboration  = "T2K",
      year           = "2018",
      eprint         = "1805.05917",
      archivePrefix  = "arXiv",
      primaryClass   = "hep-ex",
      SLACcitation   = "%%CITATION = ARXIV:1805.05917;%%"
}

@article{Aurisano:2016jvx,
      author         = "Aurisano, A. and Radovic, A. and Rocco, D. and Himmel, A.
                        and Messier, M. D. and Niner, E. and Pawloski, G. and
                        Psihas, F. and Sousa, A. and Vahle, P.",
      title          = "{A Convolutional Neural Network Neutrino Event
                        Classifier}",
      journal        = "JINST",
      volume         = "11",
      year           = "2016",
      number         = "09",
      pages          = "P09001",
      doi            = "10.1088/1748-0221/11/09/P09001",
      eprint         = "1604.01444",
      archivePrefix  = "arXiv",
      primaryClass   = "hep-ex",
      reportNumber   = "FERMILAB-PUB-16-082-ND",
      SLACcitation   = "%%CITATION = ARXIV:1604.01444;%%"
}

@article{NOvA:2018gge,
      author         = "Acero, M. A. and others",
      title          = "{New constraints on oscillation parameters from $\nu_e$
                        appearance and $\nu_\mu$ disappearance in the NOvA
                        experiment}",
      collaboration  = "NOvA",
      year           = "2018",
      eprint         = "1806.00096",
      archivePrefix  = "arXiv",
      primaryClass   = "hep-ex",
      reportNumber   = "FERMILAB-PUB-18-223-ND",
      SLACcitation   = "%%CITATION = ARXIV:1806.00096;%%"
}

@misc{sanchez_mayly_2018_1286758,
  author       = {Sanchez, Mayly},
  title        = {NOvA Results and Prospects},
  month        = jun,
  year         = 2018,
  doi          = {10.5281/zenodo.1286758},
  url          = {https://doi.org/10.5281/zenodo.1286758}
}

@misc{wascko_morgan_2018_1286752,
  author       = {Wascko, Morgan},
  title        = {T2K Status, Results, and Plans},
  month        = jun,
  year         = 2018,
  doi          = {10.5281/zenodo.1286752},
  url          = {https://doi.org/10.5281/zenodo.1286752}
}

