@misc{robinzonov2010gentle,
	title={A Gentle Introduction to LATEX},
	author={Robinzonov, Nikolay},
	year={2010}
}

@misc{google-bib,
	author = {texblog},
	title = {Using Google Scholar to download BibTeX citations},
		howpublished = {\url{http://texblog.org/2014/04/22/using-google-scholar-to-download-bibtex-citations/}},
}

@article{daly1998graphics,
	title={Graphics and Colour with LATEX},
	author={Daly, Patrick W},
	journal={Dokument dostepny jako: http://www. loria. fr/services/tex/graph-pack/grf/grf. pdf l ub u autora: http://www. mpae. gwdg. de/\~{} daly/latex/grf. pdf, http://www. mpae. gwdg. de/\~{} daly/latex/grf. htm, http://www. mpae. gwdg. de/\~{} daly/latex/grf. ps, Czerwiec},
	year={1998}
}

@article{griffin2010using,
	title={Using LATEX for qualitative data analysis},
	author={Griffin, Ivan and Richardson, Ita},
	journal={The PracTEX Journal},
	volume={1},
	year={2010}
}

@article{Alpher02,
	title={Examination of the degree of alignment in sintered Nd Fe B magnets by measurements of the remanent polarizations},
	author={Fernengel, W and Lehnert, A and Katter, M and Rodewald, W and Wall, B},
	journal={Journal of Magnetism and Magnetic Materials},
	volume={157},
	pages={19--20},
	year={1996},
	publisher={Elsevier}
}

@ARTICLE{Alpher03,
	author = {A. Alpher and J.~P.~N. Fotheringham-Smythe},
	title = {Frobnication revisited},
	journal = {Journal of Foo},
	year = {2003},
	volume = {13},
	pages = {234--778},
	number = {1},
	owner = {mtpham},
	timestamp = {2014.04.15}
}

@ARTICLE{Alpher04,
	author = {A. Alpher and J.~P.~N. Fotheringham-Smythe and G. Gamow},
	title = {Can a machine frobnicate?},
	journal = {Journal of Foo},
	year = {2004},
	volume = {14},
	pages = {234--778},
	number = {1},
	owner = {mtpham},
	timestamp = {2014.04.15}
}

@book{gratzer2013math,
	title={Math into LATEX},
	author={Gr{\"a}tzer, George},
	year={2013},
	publisher={Springer Science \& Business Media}
}

@article{Knuth92,
	author = "Knuth D. E.",
	title = "Two notes on notation",
	journal = "Amer. Math. Monthly",
	volume = "99",
	year = "1992",
	pages = "403--422",
}


@book{ConcreteMath,
	author = "Graham, R L  and Knuth, D E  and Patashnik, O",
	title = "Concrete mathematics",
	publisher = "Addison-Wesley",
	address = "Reading, MA",
	year = "1989"
}

@BOOK{Arnold1989,
	title = {Mathematical Methods of Classical Mechanics},
	publisher = {Springer},
	year = {1989},
	author = {Arnold, V.I. and Vogtmann, K. and Weinstein, A.},
	series = {Graduate Texts in Mathematics},
	isbn = {9780387968902},
	lccn = {97221119},
	owner = {mtpham},
	timestamp = {2012.08.24}
}

@INCOLLECTION{Santal'o1976,
	author = {Santal{\'o}, Luis A.},
	title = {Integral Geometry and Geometric Probability},
	booktitle = {Encyclopedia of Mathematics and its Applications},
	publisher = {Addison-Wesley},
	year = {1976},
	editor = {Rota, Gian C.},
	volume = {1},
	citeulike-article-id = {2331282},
	keywords = {bibtex-import, gestalt},
	owner = {mtpham},
	posted-at = {2008-02-04 22:10:39},
	priority = {0},
	timestamp = {2012.05.11}
}


@unpublished{Simpson,
	author = "Simpson, H.",
	title = "Proof of the {R}iemann {H}ypothesis",
	note = "preprint (2003), available at 
	\url{http://www.math.drofnats.edu/riemann.ps}",
}

@incollection{Er01,
	author = "Erd{\H o}s, P.",
	title = "A selection of problems and results in combinatorics",
	booktitle = "Recent trends in combinatorics (Matrahaza, 1995)",
	publisher = "Cambridge Univ. Press",
	address = "Cambridge",
	pages = "1--6"
}

@PATENT{Pham2013,
	nationality = {US},
	number = {20130016913 (A1)},
	year = {2013},
	author = {Minh-Tri Pham and Oliver Woodford and Frank Perbet and Atsuto Maki
	and Bjorn Stenger and Roberto Cipolla},
	title = {An Image Processing Method and System},
	language = {English},
	owner = {mtpham},
	timestamp = {2014.04.16}
}


@ELECTRONIC{Toshiba2011,
	author = {Pham, M.-T. and Woodford, O.~J. and Perbet, F. and Maki, A. and Stenger,
	B},
	year = {2012},
	title = {Toshiba {CAD} Model Point Clouds Dataset},
	url = {http://www.toshiba.eu/eu/Cambridge-Research-Laboratory/Computer-Vision-Group/Stereo-Points/},
	owner = {owoodford},
	timestamp = {2011.07.25}
}

@MANUAL{Motorola1996,
	title = {FLEXChip Signal Processor (MC68175/D)},
	organization = {Motorola},
	year = {1996},
	owner = {mtpham},
	timestamp = {2014.04.16}
}

@INPROCEEDINGS{Pham2011,
	author = {Pham, M.-T. and Woodford, O.~J. and Perbet, F. and Maki, A. and Stenger,
	B. and Cipolla, R.},
	title = {A New Distance for Scale-Invariant 3{D} Shape Recognition and Registration},
	booktitle = ICCV,
	year = {2011},
	owner = {owoodford},
	timestamp = {2011.04.15}
}


@ELECTRONIC{hildebrandintroduction,
		title={Introduction to $\text{\LaTeX}$},
			author={Hildebrand, AJ},
	howpublished = {\url{http://www. math. uiuc. edu/~ hildebr/tex}},
}